@article{hastad1998shrinkage,
  title={The shrinkage exponent of de Morgan formulas is 2},
  author={H{\AA}stad, Johan},
  journal={SIAM Journal on Computing},
  volume={27},
  number={1},
  pages={48--64},
  year={1998},
  publisher={SIAM}
}

@inproceedings{fortnow2000time,
  title={Time-space tradeoffs for nondeterministic computation},
  author={Fortnow, Lance and Van Melkebeek, Dieter},
  booktitle={Proceedings 15th Annual IEEE Conference on Computational Complexity},
  pages={2--13},
  year={2000},
  organization={IEEE}
}
@article{fortnow2005time,
  title={Time-space lower bounds for satisfiability},
  author={Fortnow, Lance and Lipton, Richard and Van Melkebeek, Dieter and Viglas, Anastasios},
  journal={Journal of the ACM (JACM)},
  volume={52},
  number={6},
  pages={835--865},
  year={2005},
  publisher={ACM New York, NY, USA}
}

@article{williams2006inductive,
  title={Inductive Time-Space Lower Bounds for Sat and Related Problems},
  author={Williams, Ryan},
  journal={Computational Complexity},
  volume={15},
  number={4},
  pages={433--470},
  year={2006},
  publisher={Birkhauser Verlag Basel, Switzerland, Switzerland}
}
@inproceedings{williams2007time,
  title={Time-Space Tradeoffs for Counting NP Solutions Modulo Integers},
  author={Williams, Ryan},
  booktitle={Twenty-Second Annual IEEE Conference on Computational Complexity (CCC'07)},
  pages={70--82},
  year={2007},
  organization={IEEE}
}
@article{williams2013alternation,
  title={Alternation-trading proofs, linear programming, and lower bounds},
  author={Williams, Ryan},
  journal={ACM Transactions on Computation Theory (TOCT)},
  volume={5},
  number={2},
  pages={1--49},
  year={2013},
  publisher={ACM New York, NY, USA}
}

@article{buss2015limits,
  title={Limits on Alternation Trading Proofs for Time--Space Lower Bounds},
  author={Buss, Samuel R and Williams, Ryan},
  journal={computational complexity},
  volume={24},
  number={3},
  pages={533--600},
  year={2015},
  publisher={Springer}
}

@article{sergeev2019relation,
  title={On a relation between the depth and complexity of monotone Boolean formulas},
  author={Sergeev, Igor Sergeevich},
  journal={Diskretnyi Analiz i Issledovanie Operatsii},
  volume={26},
  number={4},
  pages={108--120},
  year={2019},
  publisher={Sobolev Institute of Mathematics of the Siberian Branch of the Russian~â€¦}
}

@article{mudigonda2020time,
  title={Time-Space Lower Bounds for Simulating Proof Systems with Quantum and Randomized Verifiers},
  author={Mudigonda, Abhijit S and Williams, R Ryan},
  journal={arXiv preprint arXiv:2012.00330},
  year={2020}
}